<record><leader>00000cas a2200000 a 4500</leader><controlfield tag="001">4757776</controlfield><controlfield tag="008">790320d19771986idubr ne      0   a0eng d</controlfield><datafield ind1=" " ind2=" " tag="010"><subfield code="a">sn 79000194 </subfield></datafield><datafield ind1=" " ind2=" " tag="040"><subfield code="a">NSD</subfield><subfield code="b">eng</subfield><subfield code="c">NSD</subfield><subfield code="d">UNP</subfield><subfield code="d">NST</subfield><subfield code="d">SLZ</subfield><subfield code="d">NVB</subfield><subfield code="d">OCL</subfield><subfield code="d">OCLCQ</subfield><subfield code="d">OCLCF</subfield><subfield code="d">OCLCO</subfield></datafield><datafield ind1=" " ind2=" " tag="012"><subfield code="k">1</subfield><subfield code="m">1</subfield></datafield><datafield ind1="1" ind2=" " tag="022"><subfield code="a">0164-4920</subfield><subfield code="l">0164-4920</subfield><subfield code="2">1</subfield></datafield><datafield ind1="1" ind2=" " tag="029"><subfield code="a">AU@</subfield><subfield code="b">000025788861</subfield></datafield><datafield ind1=" " ind2=" " tag="032"><subfield code="a">467910</subfield><subfield code="b">USPS</subfield></datafield><datafield ind1=" " ind2=" " tag="037"><subfield code="b">The Idaho Citizen, Box 9303, Boise, ID 83707</subfield></datafield><datafield ind1=" " ind2=" " tag="042"><subfield code="a">nsdp</subfield></datafield><datafield ind1=" " ind2=" " tag="043"><subfield code="a">n-us-id</subfield></datafield><datafield ind1="0" ind2=" " tag="130"><subfield code="a">Idaho citizen (Boise, Idaho)</subfield></datafield><datafield ind1=" " ind2="4" tag="222"><subfield code="a">The Idaho citizen</subfield></datafield><datafield ind1="0" ind2="4" tag="245"><subfield code="a">The Idaho citizen.</subfield></datafield><datafield ind1=" " ind2=" " tag="260"><subfield code="a">Boise, Idaho :</subfield><subfield code="b">Idaho Citizen</subfield></datafield><datafield ind1=" " ind2=" " tag="300"><subfield code="a">v. :</subfield><subfield code="b">ill.</subfield></datafield><datafield ind1=" " ind2=" " tag="310"><subfield code="a">Bimonthly,</subfield><subfield code="b">Oct. 1985-Apr. 1986</subfield></datafield><datafield ind1=" " ind2=" " tag="321"><subfield code="a">Ten no. a year,</subfield><subfield code="b">July 1977-Feb. 1980</subfield></datafield><datafield ind1=" " ind2=" " tag="321"><subfield code="a">9 no. a year,</subfield><subfield code="b">Apr. 1980-June 1982</subfield></datafield><datafield ind1=" " ind2=" " tag="321"><subfield code="a">Bimonthly,</subfield><subfield code="b">&lt;Aug. 1982&gt;</subfield></datafield><datafield ind1=" " ind2=" " tag="321"><subfield code="a">9 no. a year,</subfield><subfield code="b">&lt;Sept. 1985&gt;</subfield></datafield><datafield ind1="0" ind2=" " tag="362"><subfield code="a">Vol. 1, no. 1 (July/Aug. 1977)-v. 8, no. 6 (Apr./May 1986).</subfield></datafield><datafield ind1=" " ind2="0" tag="651"><subfield code="a">Boise (Idaho)</subfield><subfield code="v">Newspapers.</subfield></datafield><datafield ind1=" " ind2="7" tag="655"><subfield code="a">Newspapers.</subfield><subfield code="2">fast</subfield><subfield code="0">(OCoLC)fst01423814</subfield></datafield><datafield ind1=" " ind2="7" tag="651"><subfield code="a">Idaho</subfield><subfield code="z">Boise.</subfield><subfield code="2">fast</subfield><subfield code="0">(OCoLC)fst01205276</subfield></datafield><datafield ind1=" " ind2=" " tag="752"><subfield code="a">United States</subfield><subfield code="b">Idaho</subfield><subfield code="c">Ada</subfield><subfield code="d">Boise.</subfield></datafield><datafield ind1="0" ind2="0" tag="785"><subfield code="t">North and East Boise journal and Idaho citizen</subfield><subfield code="w">(DLC)sn 88056115</subfield><subfield code="w">(OCoLC)15042858</subfield></datafield><datafield ind1=" " ind2=" " tag="936"><subfield code="a">Feb. 1985</subfield></datafield></record>